<?xml version="1.0" encoding="UTF-8"?><record xmlns="http://www.loc.gov/MARC21/slim" xmlns:cinclude="http://apache.org/cocoon/include/1.0" xmlns:zs="http://www.loc.gov/zing/srw/">
  <leader>01015cz  a2200229n  4500</leader>
  <controlfield tag="001">no2014091893</controlfield>
  <controlfield tag="003">DLC</controlfield>
  <controlfield tag="005">20150106081005.0</controlfield>
  <controlfield tag="008">140710n| azannaabn          |a aaa     c</controlfield>
  <datafield tag="010" ind1=" " ind2=" ">
    <subfield code="a">no2014091893</subfield>
  </datafield>
  <datafield tag="035" ind1=" " ind2=" ">
    <subfield code="a">(OCoLC)oca09904835</subfield>
  </datafield>
  <datafield tag="040" ind1=" " ind2=" ">
    <subfield code="a">UPB</subfield>
    <subfield code="b">eng</subfield>
    <subfield code="e">rda</subfield>
    <subfield code="c">UPB</subfield>
    <subfield code="d">DLC</subfield>
  </datafield>
  <datafield tag="046" ind1=" " ind2=" ">
    <subfield code="k">1994</subfield>
  </datafield>
  <datafield tag="100" ind1="1" ind2=" ">
    <subfield code="a">Rufus, Sextus.</subfield>
    <subfield code="t">De historia Romana.</subfield>
    <subfield code="l">French</subfield>
    <subfield code="s">(Arnaud-Lindet)</subfield>
  </datafield>
  <datafield tag="377" ind1=" " ind2=" ">
    <subfield code="a">fre</subfield>
  </datafield>
  <datafield tag="381" ind1=" " ind2=" ">
    <subfield code="a">Arnaud-Lindet</subfield>
  </datafield>
  <datafield tag="400" ind1="1" ind2=" ">
    <subfield code="a">Rufus, Sextus.</subfield>
    <subfield code="t">Abrégé des hauts faits du peuple romain</subfield>
    <subfield code="s">(Arnaud-Lindet)</subfield>
  </datafield>
  <datafield tag="400" ind1="1" ind2=" ">
    <subfield code="a">Rufus, Sextus.</subfield>
    <subfield code="t">De historia Romana.</subfield>
    <subfield code="l">French</subfield>
    <subfield code="s">(Collection des universités de France)</subfield>
  </datafield>
  <datafield tag="530" ind1=" " ind2="0">
    <subfield code="w">r</subfield>
    <subfield code="i">In series:</subfield>
    <subfield code="a">Collection des universités de France</subfield>
  </datafield>
  <datafield tag="500" ind1="0" ind2=" ">
    <subfield code="w">r</subfield>
    <subfield code="i">Translation of:</subfield>
    <subfield code="a">Rufus, Sextus.</subfield>
    <subfield code="t">De historia Romana.</subfield>
    <subfield code="l">Latin</subfield>
    <subfield code="s">(Arnaud-Lindet)</subfield>
  </datafield>
  <datafield tag="500" ind1="1" ind2=" ">
    <subfield code="w">r</subfield>
    <subfield code="i">Translator:</subfield>
    <subfield code="a">Arnaud-Lindet, Marie-Pierre</subfield>
  </datafield>
  <datafield tag="670" ind1=" " ind2=" ">
    <subfield code="a">Rufus, Sextus. Abrégé des hauts faits du peuple romain, 1994:</subfield>
    <subfield code="b">title page (texte établi et traduit par Marie-Pierre Arnaud-Lindet; Collection des universités de France)</subfield>
  </datafield>
</record>